<?xml version="1.0" encoding="UTF-8"?>
<record xmlns="http://www.loc.gov/MARC21/slim">
   <leader>01644cam a2200337 a 4500</leader>
   <controlfield tag="001">486380</controlfield>
   <controlfield tag="003">NjP</controlfield>
   <controlfield tag="005">20190705140838.0</controlfield>
   <controlfield tag="008">880208s1983    ir       d    000 0 ara d</controlfield>
   <datafield tag="024" ind1="7" ind2=" ">
      <subfield code="a">princeton_aco004535</subfield>
      <subfield code="2">local</subfield>
   </datafield>
   <datafield ind1=" " ind2=" " tag="040">
      <subfield code="a">NjP</subfield>
      <subfield code="c">PUL</subfield>
      <subfield code="d">PUL</subfield>
   </datafield>
   <datafield ind1=" " ind2=" " tag="035">
      <subfield code="a">(CStRLIN)NJPG88-B6714</subfield>
   </datafield>
   <datafield ind1=" " ind2=" " tag="035">
      <subfield code="9">ACG2089TS</subfield>
   </datafield>
   <datafield ind1=" " ind2=" " tag="035">
      <subfield code="a">(NjP)486380</subfield>
   </datafield>
   <datafield ind1=" " ind2=" " tag="049">
      <subfield code="a">PULL</subfield>
   </datafield>
   <datafield ind1=" " ind2=" " tag="035">
      <subfield code="a">(OCoLC)ocm76954569</subfield>
   </datafield>
   <datafield ind1="1" ind2=" " tag="100">
      <subfield code="6">880-01</subfield>
      <subfield code="a">Rāghib al-Iṣfahānī, Abū al-Qāsim al-Ḥusayn ibn Muḥammad,</subfield>
      <subfield code="d">d. 1108 or 9</subfield>
      <subfield code="0">http://id.loc.gov/authorities/names/n85821054</subfield>
   </datafield>
   <datafield ind1="1" ind2="3" tag="245">
      <subfield code="6">880-02</subfield>
      <subfield code="a">al-Mufradāt fī gharīb al-Qurʼān /</subfield>
      <subfield code="c">taʼlīf Abī al-Qāsim al-Ḥusayn ibn Muḥammad al-maʻrūf bi-al-Rāghib al-Iṣfahānī ; taḥqīq wa-dabṭ Muḥammad Sayyid Kīlānī.</subfield>
   </datafield>
   <datafield ind1=" " ind2=" " tag="250">
      <subfield code="a">Chap-i 2.</subfield>
   </datafield>
   <datafield ind1=" " ind2=" " tag="260">
      <subfield code="6">880-03</subfield>
      <subfield code="a">[Qum?] :</subfield>
      <subfield code="b">al-Maktabah al-Murtaḍawīyah,</subfield>
      <subfield code="c">1362 [1983]</subfield>
   </datafield>
   <datafield ind1=" " ind2=" " tag="300">
      <subfield code="a">6, 554 p. ;</subfield>
      <subfield code="c">25 cm.</subfield>
   </datafield>
   <datafield ind1="0" ind2="0" tag="630">
      <subfield code="a">Qurʼan</subfield>
      <subfield code="x">Dictionaries.</subfield>
   </datafield>
   <datafield ind1="1" ind2=" " tag="700">
      <subfield code="6">880-04</subfield>
      <subfield code="a">Kīlānī, Muḥammad Sayyid.</subfield>
   </datafield>
   <datafield ind1="1" ind2=" " tag="880">
      <subfield code="6">100-01/r</subfield>
      <subfield code="a">راغب الاصفهاني، ابو القاسم الحسين بن محمد،</subfield>
      <subfield code="d">d. 1108 or 9</subfield>
   </datafield>
   <datafield ind1="1" ind2="2" tag="880">
      <subfield code="6">245-02/r</subfield>
      <subfield code="a">المفردات في غريب القرآن /</subfield>
      <subfield code="c">تأليف ابي القاسم الحسين بن محمد المعروف بالراغب الاصفهاني ؛ تحقيق ودبط محمد سيد كيلاني.</subfield>
   </datafield>
   <datafield ind1=" " ind2=" " tag="880">
      <subfield code="6">260-03/r</subfield>
      <subfield code="a">[قم؟] :</subfield>
      <subfield code="b">المكتبة المرتضوية،</subfield>
      <subfield code="c">1362 [1983]</subfield>
   </datafield>
   <datafield ind1="1" ind2=" " tag="880">
      <subfield code="6">700-04/r</subfield>
      <subfield code="a">كيلاني، محمد سيد.</subfield>
   </datafield>
   <datafield ind1=" " ind2=" " tag="998">
      <subfield code="a">02/11/88</subfield>
      <subfield code="s">9114</subfield>
      <subfield code="n">NjP</subfield>
      <subfield code="w">NJPG88B6714</subfield>
      <subfield code="d">02/08/88</subfield>
      <subfield code="c">JCB</subfield>
      <subfield code="b">MT</subfield>
      <subfield code="i">880211</subfield>
      <subfield code="l">NJPG</subfield>
   </datafield>
   <datafield ind1=" " ind2=" " tag="911">
      <subfield code="a">19921028</subfield>
   </datafield>
   <datafield ind1=" " ind2=" " tag="912">
      <subfield code="a">19900828000000.0</subfield>
   </datafield>
   <datafield ind1=" " ind2=" " tag="994">
      <subfield code="a">C0</subfield>
      <subfield code="b">PUL</subfield>
   </datafield>
   <datafield ind1=" " ind2=" " tag="999">
      <subfield code="a">486380</subfield>
   </datafield>
   <datafield ind1=" " ind2=" " tag="979">
      <subfield code="a">(OCoLC)ocn175626655</subfield>
   </datafield>
   <datafield ind1="8" ind2="0" tag="852">
      <subfield code="0">528337</subfield>
      <subfield code="b">rcppa</subfield>
      <subfield code="t">1</subfield>
      <subfield code="h">2273.474 1983</subfield>
      <subfield code="x">tr fr f</subfield>
   </datafield>
   <datafield ind1=" " ind2=" " tag="959">
      <subfield code="a">2000-06-13 00:00:00 -0500</subfield>
   </datafield>
</record>
